@techreport{FES2015,
	title={Albanian Youth 2015},
	author={Alba Cela and Geron Kamberi and Elena Pici},
	year={2015},
	institution={Friedrich Ebert Stiftung}
}

@article{gale1962college,
	title={College admissions and the stability of marriage},
	author={Gale, David and Shapley, Lloyd S},
	journal={The American Mathematical Monthly},
	volume={69},
	number={1},
	pages={9--15},
	year={1962},
	publisher={JSTOR}
}

@misc{CoM2016,
	author={{Albanian Council of Ministers}},
	title={Council Decision ({VKM}) no 407},
	year={2014},
	note ={\url{http://www.arsimi.gov.al/files/userfiles/arsimilarte/VKM/VKm_Nr_407_date_1_6_2016.pdf}}
}
